% This file was created with JabRef 2.10.
% Encoding: Cp1252


@Other{biblatex-control,
  Options                  = {2.9:0:1:1:0:1:1:0:0:0:0:0:6:1:79:+:none}
}

