% This file was created with JabRef 2.10.
% Encoding: Cp1252
% Your reference list should go here.

@book{lamport1994latex,
  title={LATEX: a document preparation system: user's guide and reference manual},
  author={Lamport, Leslie},
  year={1994},
  publisher={Addison-wesley}
}

@article{kopka1995guide,
  title={A Guide to LaTeX--Document},
  author={Kopka, H and Daly, PW},
  year={1995},
  publisher={Citeseer}
}

@comment{jabref-meta: databaseType:bibtex;}

